<record><leader>00000cas a22000007a 4500</leader><controlfield tag="001">31093872</controlfield><controlfield tag="008">940913d1966197uctuwr ne      0    0eng d</controlfield><datafield ind1=" " ind2=" " tag="010"><subfield code="a">sn 94053248 </subfield></datafield><datafield ind1=" " ind2=" " tag="040"><subfield code="a">CNW</subfield><subfield code="b">eng</subfield><subfield code="c">CNW</subfield><subfield code="d">OCLCQ</subfield><subfield code="d">OCLCF</subfield><subfield code="d">OCLCO</subfield></datafield><datafield ind1="1" ind2=" " tag="029"><subfield code="a">AU@</subfield><subfield code="b">000011276677</subfield></datafield><datafield ind1=" " ind2=" " tag="042"><subfield code="a">msc</subfield></datafield><datafield ind1=" " ind2=" " tag="043"><subfield code="a">n-us-ct</subfield></datafield><datafield ind1="0" ind2=" " tag="130"><subfield code="a">Orange news (Milford, Conn.)</subfield></datafield><datafield ind1="1" ind2="0" tag="245"><subfield code="a">Orange news.</subfield></datafield><datafield ind1="1" ind2="7" tag="246"><subfield code="a">Sunday Milford citizen</subfield><subfield code="f">Nov.-&lt;Dec. 4&gt; 1966</subfield></datafield><datafield ind1=" " ind2=" " tag="260"><subfield code="a">Milford, Conn. :</subfield><subfield code="b">Milford Pub.</subfield></datafield><datafield ind1=" " ind2=" " tag="300"><subfield code="a">v.</subfield></datafield><datafield ind1=" " ind2=" " tag="310"><subfield code="a">Weekly</subfield></datafield><datafield ind1="0" ind2=" " tag="362"><subfield code="a">Vol. 1, no. 1 (Nov. 14, 1966)-</subfield></datafield><datafield ind1=" " ind2=" " tag="580"><subfield code="a">Issued with section called: Orange news. Milford ed. which are identical to Sunday issue of: Milford citizen, Nov.-&lt;Dec. 4&gt; 1966.</subfield></datafield><datafield ind1=" " ind2=" " tag="580"><subfield code="a">Issues for &lt;Aug. 5, 1970-Aug. 8, 1972&gt; are almost identical to Wednesday issue of: Milford citizen.</subfield></datafield><datafield ind1=" " ind2="0" tag="651"><subfield code="a">Orange (Conn.)</subfield><subfield code="v">Newspapers.</subfield></datafield><datafield ind1=" " ind2="0" tag="651"><subfield code="a">Milford (Conn.)</subfield><subfield code="v">Newspapers.</subfield></datafield><datafield ind1=" " ind2="7" tag="655"><subfield code="a">Newspapers.</subfield><subfield code="2">fast</subfield><subfield code="0">(OCoLC)fst01423814</subfield></datafield><datafield ind1=" " ind2="7" tag="651"><subfield code="a">Connecticut</subfield><subfield code="z">Milford.</subfield><subfield code="2">fast</subfield><subfield code="0">(OCoLC)fst01205403</subfield></datafield><datafield ind1=" " ind2="7" tag="651"><subfield code="a">Connecticut</subfield><subfield code="z">Orange.</subfield><subfield code="2">fast</subfield><subfield code="0">(OCoLC)fst01218272</subfield></datafield><datafield ind1=" " ind2=" " tag="752"><subfield code="a">United States</subfield><subfield code="b">Connecticut</subfield><subfield code="c">New Haven</subfield><subfield code="d">Milford.</subfield></datafield><datafield ind1="1" ind2=" " tag="775"><subfield code="t">Milford citizen</subfield><subfield code="w">(DLC)sn 84027727</subfield><subfield code="w">(OCoLC)11488031</subfield></datafield></record>